@misc{lion,
    url     = {https://arxiv.org/abs/2302.06675},
    author  = {Chen, Xiangning and Liang, Chen and Huang, Da and Real, Esteban and Wang, Kaiyuan and Liu, Yao and Pham, Hieu and Dong, Xuanyi and Luong, Thang and Hsieh, Cho-Jui and Lu, Yifeng and Le, Quoc V.},
    title   = {Symbolic Discovery of Optimization Algorithms},
    publisher = {arXiv},
    year = {2023}
}

@article{cifar100,
  added-at = {2021-01-21T03:01:11.000+0100},
  author = {Krizhevsky, Alex},
  biburl = {https://www.bibsonomy.org/bibtex/2fe5248afe57647d9c85c50a98a12145c/s364315},
  interhash = {cc2d42f2b7ef6a4e76e47d1a50c8cd86},
  intrahash = {fe5248afe57647d9c85c50a98a12145c},
  keywords = {},
  pages = {32--33},
  timestamp = {2021-01-21T03:01:11.000+0100},
  title = {Learning Multiple Layers of Features from Tiny Images},
  url = {https://www.cs.toronto.edu/~kriz/learning-features-2009-TR.pdf},
  year = 2009
}

@article{hyperp1,
    url     = {https://towardsdatascience.com/why-0-9-towards-better-momentum-strategies-in-deep-learning-827408503650},
    author  = {Cameron R. Wolfe},
    title   = {Why 0.9? Towards Better Momentum Strategies in Deep Learning.},
    year = {2021}
}

@misc{hyperp2,
    url     = {https://openaccess.thecvf.com/content/CVPR2022/supplemental/Hosseini_Exploiting_Explainable_Metrics_CVPR_2022_supplemental.pdf},
    author  = {Mahdi S. Hosseini, Mathieu Tuli, Konstantinos N. Plataniotis},
    title   = {Exploiting Explainable Metrics for Augmented SGD},
    year = {2022}
}

@misc{hyperp3,
    url     = {https://arxiv.org/pdf/2103.17182.pdf},
    author  = {Zeke Xie, Li Yuan, Zhanxing Zhu, Masashi Sugiyama},
    title   = {Positive-Negative Momentum:
Manipulating Stochastic Gradient Noise to Improve Generalization},
    year = {2022}
}

@misc{optimizers,
    url     = {https://arxiv.org/pdf/1609.04747.pdf},
    author  = {Sebastian Ruder},
    title   = {An overview of gradient descent optimization
algorithms},
    year = {2017}
}

@misc{lion-study,
    url     = {https://openreview.net/pdf?id=jK_eS5BxOuu},
    author  =   {Xiangning Chen, Chen Liang, Da Huang, Esteban Real, Yao Liu, Kaiyuan Wang, Cho-Jui Hsieh, Yifeng Lu, Quoc V. Le},
    title   = {Evolved Optimizer for Vision},
    year = {2022}
}

@misc{github,
  year = {2023},
  publisher = {GitHub},
  journal = {GitHub repository},
  howpublished = {\url{https://github.com/odudler/optMLProject}}
}
